2535 2806
1272 72 1311 136 lt

433 222 543 252 rum
570 206 833 267 diligenter
856 207 1099 267 congestis
1122 211 1172 252 et
1192 207 1327 252 omni
1351 221 1406 252 re
1430 206 1526 251 rite
1548 220 1790 268 perpensa
1814 239 1830 264 ,
1866 206 1972 252 sine
1994 206 2068 252 ira
2096 211 2146 250 et

438 290 603 335 studio
633 290 696 335 de
718 289 967 350 Sophistis
997 295 1264 349 exponant.
1345 288 1496 335 Cuius
1524 290 1598 335 rei
1616 290 1893 351 periculum
1918 303 2068 353 quum
2090 289 2142 333 in

437 371 606 432 aliquo
637 371 984 433 sophistarum
1017 371 1184 416 facere
1207 368 1412 427 vellem,
1450 369 1748 429 Protagoras
1769 371 1894 416 mihi
1914 372 2146 427 visusssest

439 453 752 512 dignissimus
769 485 782 510 ‚
817 453 896 496 cui
919 467 1124 512 operam
1147 465 1307 496 meam
1335 452 1689 512 impenderem.
1744 451 1957 497 Omnem
1979 459 2145 498 autem

438 536 499 580 de
536 550 594 579 eo
625 536 1017 595 disquisitionem
1049 536 1100 579 in
1136 535 1510 590 diSsertatione‚
1559 551 1707 595 quam
1748 534 2148 579 excellentissimi

436 616 861 676 Philosophorum
902 616 1063 673 hujus'
1093 616 1375 661 academiae
1428 616 1614 661 ordinis
1668 617 1882 661 examini
1931 616 2146 662 submis-

440 715 581 746 surus
606 714 738 756 sum,
778 698 936 745 brevi*
958 695 1238 754 divulgabo,
1340 695 1486 740 Nunc
1523 698 1736 757 paucula
1777 701 2043 760 quaedam,
2093 701 2146 745 in

441 782 751 840 Protagorae
773 781 876 828 vita
901 779 1245 823 tantummodo
1277 780 1547 838 versantia,
1582 782 1914 839 praemittam.

571 898 652 944 De
686 897 992 956 Protagorae
1022 898 1215 957 patria
1255 898 1525 956 scriptores
1561 898 1909 957 consentiunt;
1972 912 2140 945 omnes

441 982 597 1038 enim,
650 995 763 1025 eum
789 978 1020 1024 Abderis
1036 969 1208 1023 natum
1239 993 1347 1022 esse
1369 980 1594 1038 tradunt3
1639 981 1736 1026 vid.
1760 981 1880 1026 loco.
1904 999 1933 1027 a
1961 981 2145 1027 Mena-
2189 976 2193 978 ¹

440 1065 522 1124 gio
546 1064 608 1108 ad
633 1062 780 1122 Diog.
812 1061 981 1108 Laert.
1000 1061 1089 1119 IX,
1115 1078 1156 1114 s,
1174 1066 1251 1114 50.
1274 1067 1555 1121 congestos,
1594 1061 1771 1122 quibus
1796 1064 1909 1110 addi
1934 1071 2145 1125 possunt

439 1145 689 1190 innumeri
724 1144 847 1201 alii,
902 1144 953 1188 in
991 1143 1168 1206 quibus
1212 1141 1495 1190 Abderites
1532 1145 1924 1203 cognominatur.
2008 1147 2142 1193 Huic

440 1223 514 1273 rei
534 1240 813 1287 repugnare
836 1227 1055 1284 videtur,
1094 1226 1225 1288 quod
1243 1225 1387 1284 Diog.
1413 1225 1578 1269 Laert.
1603 1226 1638 1276 l,
1660 1226 1692 1270 1.
1732 1225 2029 1287 Eupolidem
2053 1245 2142 1273 co-

443 1304 627 1354 micum
648 1311 700 1354 in
734 1308 904 1353 fabula
939 1305 1147 1360 Κόλακες
1180 1303 1510 1366 Protagoram
1547 1308 1721 1353 Teium
1751 1310 2005 1368 appellare
2026 1327 2148 1357 nar-

444 1400 524 1438 rat
543 1394 639 1439 hoc
661 1406 830 1439 versu:
1225 1376 1230 1381 ’

482 1472 486 1475 .
677 1483 823 1533 ἔνδοθι
857 1481 937 1550 μέν
975 1481 1072 1532 ἐστι
1107 1482 1425 1548 Πρωτκγόρῆς
1461 1484 1481 1533 ὁ
1523 1475 1677 1551 Τήίοὲ.

447 1590 495 1630 et
520 1583 653 1646 quod
685 1581 863 1626 Suidas
899 1597 936 1625 s.
976 1598 1019 1630 v.
1046 1581 1364 1643 Πρωταγόρας
1409 1584 1566 1629 dicit:
1620 1580 1749 1638 τινὲς·
1784 1581 1831 1629 δὲ
1880 1581 2024 1629 αὐτὸν
2068 1588 2144 1630 καὶ

445 1664 580 1727 Τήϊον
610 1664 841 1724 ἕγραψῳν.
912 1666 1009 1711 Sed
1042 1667 1243 1710 Suidam
1274 1667 1395 1723 hoc,
1460 1672 1515 1710 ut
1551 1667 1716 1711 omnia
1752 1667 1882 1723 fere,
1930 1681 2053 1729 quae
2087 1670 2148 1715 de

442 1753 720 1809 Protagora
753 1747 898 1804 dicit,
937 1763 1000 1794 ex
1027 1746 1254 1807 Diogene
1282 1748 1576 1794 desumsisse
1597 1748 1745 1794 facile
1769 1748 2023 1795 intellectu
2055 1757 2142 1799 est.

444 1833 595 1894 Quod
619 1838 784 1877 autem
805 1831 1044 1891 Eupolis,
1081 1830 1661 1892 Protagoraeaequalis,
1699 1846 1811 1877 eum
1849 1833 2023 1877 Teium
2053 1849 2146 1893 ap-

444 1914 628 1977 pe‘llat,
665 1913 761 1956 hoc
784 1914 931 1957 modo
955 1912 1311 1972 explicandum
1338 1914 1557 1958 videtur:
1609 1912 1775 1971 Quum
1799 1913 1958 1974 Cyrus
1980 1916 2149 1963 Ioniae

446 1996 651 2043 urbibus
686 1994 872 2040 bellum
909 1995 1120 2039 inferret
1145 2028 1157 2051 ,
1212 1994 1324 2040 Teii
1363 1997 1424 2040 ad
1466 1996 1747 2042 evitandum
1787 1997 2062 2057 periculum
2096 2001 2148 2048 in

444 2078 711 2126 Thraciam
736 2078 963 2140 profecti,
1023 2077 1271 2123 Abderam
1295 2076 1363 2122 ibi
1397 2077 1728 2127 condiderunt
1739 2092 1754 2136 ,·
1802 2076 2079 2131 effi-Herod.
2106 2082 2147 2143 1,

450 2165 561 2212 168.
598 2159 909 2221 Παραπλήσια
952 2158 998 2206 δὲ
1037 2158 1240 2205 τούτοισι
1278 2162 1353 2203 κκὶ
1397 2158 1524 2217 Τήιοι
1568 2158 1793 2219 ἐποίησαν·
1831 2161 1926 2208 ἐπεί
1966 2182 2015 2210 τε
2045 2164 2146 2228 γα’ρ

450 2247 602 2304 σφεων
643 2243 734 2299 εἷλε
774 2243 969 2317 χώματι
1004 2240 1057 2289 τὸ
1096 2253 1256 2302 τεῖχος
1288 2240 1559 2304 ''Apu-2705,
1624 2242 1844 2300 ὲςβυίντες
1891 2245 2054 2304 πάντες
2104 2249 2148 2306 ἐς

2086 2332 2148 2379 ταὶ
