2535 2806
387 555 459 638 In
478 586 687 635 historia
712 591 1056 651 Sophistarum
1078 597 1350 645 enarranda
1371 611 1428 642 ac
1453 595 1659 643 ferendo
1685 595 1746 643 de
1770 607 1939 640 eorum
1962 590 2078 652 pla-

387 675 502 719 citis
528 676 712 734 judicio
735 680 912 725 mirum
939 688 1039 741 est,
1077 688 1311 744 quantum
1323 684 1574 745 prioribus
1596 682 1901 744 temporibus
1917 695 1944 724 a
1960 692 2080 726 vero

385 757 728 827 ‘aberraverint
747 776 944 820 omnes,
981 765 1063 823 qui
1087 766 1215 811 hanc
1234 767 1473 811 histo-riae
1505 766 1857 828 philosophiae
1885 768 2078 822 partem

393 842 674 901 attigerint,
722 846 853 903 capti
877 846 1099 894 Platonis
1120 863 1175 892 ac
1198 848 1546 907 Xenophontis
1583 848 1907 900 auctoritate,
1956 859 2080 903 quos

392 923 528 983 ipsos
545 957 561 981 ,
596 923 675 971 vel
694 925 950 970 metientes
977 926 1064 972 illa
1085 928 1269 987 prioris
1293 931 1466 975 aetatis
1487 930 1702 987 lumina,
1738 927 1976 988 Gorgiam
1997 925 2078 969 in-

391 1007 566 1067 primis
589 1022 646 1053 ac
671 1004 1020 1069 Protagoram,
1051 1025 1112 1074 ex
1133 1011 1444 1057 homunculis
1483 1012 1591 1059 istis
1616 1045 1630 1069 ,
1662 1026 1783 1073 quos
1809 1025 1896 1056 sua
1922 1011 2086 1052 aetate

396 1092 716 1149 sophisticam
739 1099 901 1142 ,artem
939 1101 1222 1138 exercentes
1256 1078 1482 1141 viderent
1504 1128 1519 1152 ,
1575 1094 1655 1141 vel
1694 1093 1857 1137 studio
1895 1093 2084 1147 ductos,

395 1174 708 1233 praeceptori
742 1173 1065 1241 suotillorum
1102 1174 1465 1231 obtrectatione
1502 1175 1764 1221 clariorem
1794 1172 1960 1218 lucem
1984 1170 2088 1216 cir-

397 1253 772 1314 cumfundendi‚
809 1257 870 1302 ad
893 1255 1039 1317 longe
1063 1258 1428 1319 iniquissimum>
1447 1257 1508 1301 de
1533 1255 1634 1301 illis
1656 1255 1890 1301 iudicium
1913 1253 2084 1300 feren-

396 1337 511 1383 dum
538 1344 790 1397 permotos
818 1353 923 1384 esse
942 1341 1215 1399 putandum
1246 1334 1332 1386 est.
1407 1340 1632 1400 Coepere
1658 1332 1856 1400 quidem
1881 1341 1978 1381 iam
1995 1350 2085 1381 su-

395 1421 594 1481 periore
623 1419 788 1463 seeulo
809 1421 903 1465 hoc
925 1421 1203 1480 intelligere
1236 1423 1474 1468 historiae
1506 1420 1888 1483 philosophicae
1921 1420 2086 1479 scrip-

394 1511 528 1548 tores
556 1504 683 1546 acin
708 1503 807 1547 suis
842 1502 901 1547 de
933 1503 1179 1561 sophistis
1218 1503 1415 1562 judiciis
1448 1504 1688 1548 maiorem
1723 1518 1833 1546 cum
1870 1502 2086 1559 diligen-

396 1586 515 1631 tiam
538 1591 642 1629 tum
670 1583 945 1629 cautionem
971 1584 1206 1631 adhibere
1217 1602 1231 1644 3
1277 1588 1363 1631 sed
1382 1587 1602 1631 nondum
1628 1601 1685 1631 eo
1723 1600 1829 1629 rem
1859 1584 2086 1629 adduxe-

396 1673 537 1723 runt,
574 1673 628 1711 ut
654 1667 714 1712 iis
749 1666 964 1713 debitam
990 1667 1199 1726 gloriam
1232 1668 1604 1715 vindicaverint.
1685 1666 1847 1726 Atque
1884 1666 1949 1724 is,
2000 1668 2084 1727 qui

400 1750 461 1794 de
484 1749 769 1810 Sosim-stis,
802 1751 890 1811 qui
929 1750 1163 1794 Socratis
1198 1732 1370 1794 aetate
1405 1750 1630 1795 Athenis
1653 1749 1987 1807 floruerunt,
2034 1750 2087 1793 in

398 1836 524 1882 Nov.
552 1832 673 1879 Act.
706 1849 802 1877 soe.
829 1832 1030 1879 literar.
1068 1831 1339 1877 Ultraiect.
1377 1830 1574 1881 V01.11.
1603 1832 1747 1878 docte
1772 1836 1919 1890 atque
1940 1836 2091 1896 acute

396 1912 813 1977 nuperdisseruit‚
853 1914 1076 1971 Geelius‚
1115 1914 1364 1975 quamvis,
1400 1913 1894 1975 Sophistisinjuriam
1909 1915 2089 1962 factam

401 2013 530 2057 esse,
571 1996 765 2043 disertis
789 1995 951 2044 verbis
984 1995 1307 2057 pronunciet,
1343 1996 1394 2041 in
1428 2010 1658 2057 censura,
1691 2012 1839 2060 quam
1864 1997 2089 2059 singulo..

400 2101 512 2132 rum
545 2085 675 2131 vitae
714 2086 762 2123 et
796 2080 1094 2140 placitorum
1131 2063 1429 2133 enarrationi
1458 2079 1733 2139 subjungit,
1780 2081 1888 2139 ipse
1923 2086 2087 2124 tamen

367 2216 369 2218 ,
402 2168 554 2231 paulo
587 2165 801 2224 iniquius
815 2163 877 2207 de
901 2164 960 2206 iis
982 2162 1202 2219 judicare
1222 2162 1348 2223 mihi
1370 2162 1579 2207 videtur.
1650 2162 1974 2220 Summopere
1993 2166 2091 2223 igi..

400 2261 483 2298 tur
510 2247 778 2311 optandum
808 2252 910 2303 est,
947 2251 1007 2298 *ut
1036 2245 1234 2290 tandem
1261 2243 1497 2301 existant,
1552 2243 1634 2303 qui
1661 2277 1675 2302 ,
1720 2243 1842 2288 locis
1872 2245 2092 2306 scripto..

1978 2345 2089 2378 rum
